@BOOK{Smith:2012qr,
	title = {{B}ook {T}itle},
	publisher = {Publisher},
	author = {Smith, J.~M. and Jones, A.~B.},
	year = {2012},
	edition = {7th},
}
@ARTICLE{Smith:2013jd,
	author = {Jones, A.~B. and Smith, J.~M.},
	title = {{A}rticle {T}itle},
	journal = {Journal title},
	year = {2013},
	volume = {13},
	pages = {123-456},
	number = {52},
	month = {March},
	publisher = {Publisher}
}


@misc{eody_epidemiological_reports,
  author = {{Epidemiological Reports by EODY}},
  title = {{Official Website}},
  howpublished = "\url{https://eody.gov.gr/epidimiologika-statistika-dedomena/ektheseis-epidimiologikis-epitirisis-loimoxis-apo-ton-sars-cov-2/}", 
  note = "[Online]"
}

@misc{covid19_greece_wiki,
  author = {{COVID-19 pandemic in Greece}},
  title = {{Wikipedia}},
  howpublished = "\url{https://en.wikipedia.org/wiki/COVID-19_pandemic_in_Greece}", 
  note = "[Online]"
}
